3038 4388
149 176 229 283 iao
515 187 693 299 Expofitio
715 193 828 269 totius
849 190 1002 273 Mundi.
1077 220 1083 225 ·

144 324 292 405 habeus
312 321 534 401 'Thebaidis
564 325 749 403 Indorum
764 349 921 427 genus,
951 330 989 401 &
1022 327 1209 430 accipiens
1225 330 1376 411 omnia

147 436 294 539 praestat
308 435 497 513 omnibus.
531 436 595 513 ·Et
606 438 672 513 Dii
681 438 859 519 coluntur
870 440 1103 534 eminenter,
1118 442 1374 542 &templum

147 547 294 648 Serapis
304 548 359 625 ibi
367 546 443 642 est‚·
461 572 581 623 unum
590 547 640 623 est
649 546 774 627 solum
784 547 1040 650 spedaculum
1053 574 1201 633 novum
1212 553 1377 643 inomni

145 658 307 739 mundo.
365 656 567 758 Nusquam
577 662 679 735 enim
690 679 794 737 terrae
814 660 1132 758 aut'aedificium,
1152 682 1227 747 aut
1239 660 1375 764 dispufl

148 769 234 847 fitio
247 770 405 870 templi,
427 782 492 846 aur
503 773 698 871 religionis
709 773 916 853 inuenitur,
945 771 1112 872 undique
1133 793 1262 851 autem
1275 798 1374 865 muq

147 873 242 957 sium
264 885 299 958 ei
323 882 470 958 reddire
490 883 670 960 videatur.
729 881 895 958 Possedit
924 905 1015 959 eum
1035 883 1375 983 omnibusquibun

147 993 384 1069 babetbonis
396 997 434 1068 ὅ(
455 1016 571 1070 unam
589 1018 694 1089 rem,
724 994 831 1092 quod
851 993 1184 1092 nusquam-nifrin
1196 993 1373 1073 Alexan-⁹

147 1105 228 1181 dria
245 1108 448 1206 &regione
458 1106 537 1198 ejus
553 1104 622 1203 fit,
650 1105 757 1199 eujus
778 1129 903 1205 neque
924 1105 1063 1197 judicia
1084 1123 1207 1206 neque
1224 1109 1373 1208 priuata

146 1220 303 1316 negotia
324 1220 403 1316 regi
419 1215 593 1318 possunt,
608 1213 799 1318 ,sed'pene
818 1241 883 1317 per
913 1215 1029 1318 ipsam
1049 1240 1130 1294 rem
1153 1221 1278 1295 omnis
1298 1216 1373 1296 ho·
1452 1300 1456 1311 ,

147 1333 298 1405 minum
309 1336 441 1404 natura
451 1328 543 1404 stare
553 1328 709 1405 videtur.
770 1331 819 1404 Et
829 1327 922 1427 quid
940 1327 990 1404 est
1010 1385 1024 1424 ‚
1053 1329 1161 1428 quod
1184 1329 1233 1404 fic
1256 1330 1278 1406 ὲ
1298 1355 1372 1410 no-

148 1439 204 1516 bis
217 1440 389 1518 laudatur
405 1441 416 1510 ?
430 1440 667 1537 Canaquod
679 1439 754 1542 ipsa
766 1441 921 1535 satiens,
932 1445 968 1514 ὃ(
981 1443 1089 1517 omni
1101 1440 1249 1517 mundo
1259 1446 1371 1519 emit-

147 1571 253 1647 tenS,
283 1551 416 1629 utilem
431 1550 598 1651 'speeiem
617 1551 795 1628 omnibus
817 1549 1034 1627 ostendere:
1064 1550 1143 1627 sola
1164 1549 1244 1627 hoc
1261 1551 1372 1654 supra

148 1672 282 1740 omnes
300 1664 471 1738 civitates
483 1686 566 1762 quae
583 1667 621 1738 ὅ(
633 1665 839 1765 provinciae
851 1660 1061 1763 possidens,
1090 1661 1153 1737 sed
1174 1655 1249 1739 fine
1272 1667 1372 1741 invi-

146 1772 391 1876 dir-prestans
401 1773 556 1851 suorum
571 1775 772 1855 bonorum.
834 1774 1144 1850 EtNiiusautem
1156 1775 1372 1855 bonitatem

145 1887 254 1986 supra
276 1909 433 1965 ornnem
467 1889 704 1989 provinciam
737 1885 954 1986 posbdens:
996 1886 1063 1985 'qui
1084 1885 1199 1962 Nilus
1230 1887 1373 1966 fluvius

145 1998 266 2075 estatis
286 1994 383 2073 hora
405 1997 629 2075 descendens
650 2001 747 2097 rigat
764 2021 922 2076 ornnem
942 2016 1104 2094 terram,
1134 2001 1174 2074 ἀ
1193 1995 1241 2072 ad
1257 1996 1371 2075 semi·

145 2112 341 2187 nationem
353 2129 482 2210 parat,
511 2132 628 2207 quem
640 2107 812 2185 seminati
822 2107 1082 2212 habundantes
1095 2105 1233 2210 magni
1253 2109 1369 2186 bene-

144 2220 313 2298 didion'e
322 2220 527 2322 implentur
546 2251 555 2298 :
585 2221 632 2297 ad
645 2245 711 2296 eos
724 2224 828 2298 enim
837 2235 913 2296 una
929 2219 1098 2297 mensura
1110 2248 1127 2317 ‚·
1153 2239 1309 2299 centum
1326 2224 1370 2298 δι

144 2344 298 2409 centum
311 2335 449 2432 viginti
458 2332 647 2409 mensuras
659 2331 752 2408 facit
770 2361 777 2408 :
811 2335 848 2407 ὅ(
861 2332 910 2410 sie
928 2356 994 2433 per
1015 2328 1201 2433 singulum
1223 2356 1372 2409 annum

144 2461 241 2520 terra
263 2442 421 2520 reddens
440 2471 454 2541 ‚·
483 2447 522 2519 ὃ(
540 2448 623 2521 asiis
643 2446 850 2545 provinciis
867 2443 972 2521 utilis
990 2442 1064 2518 est:
1095 2442 1372 2521 Constantino-

144 2556 356 2657 polisen'un
369 2557 515 2632 Traciae
538 2557 587 2632 ab
614 2552 657 2632 ei
676 2551 959 2656 quamplurimi
981 2553 1168 2658 pascitur:
1196 2554 1369 2633 srmiliter

144 2666 410 2751 &Orientaies
432 2687 576 2774 partes,
606 2670 807 2764 maximae,
837 2688 991 2769 propter
1005 2670 1228 2745 exercitium
1248 2676 1370 2774 Impe-

142 2780 299 2872 ratoris,
329 2783 366 2853 ὃ(
385 2779 533 2855 beilum
552 2776 749 2861 Persarum,
770 2803 778 2850 :
810 2799 1014 2880 propterea
1030 2802 1109 2854 non
1124 2777 1228 2880 posse
1250 2780 1373 2857 aliam

142 2893 381 2994 provinciam
403 2889 596 2988 sufficere,
626 2889 692 2966 nisi
711 2889 880 2966 divinam
890 2884 1115 2991 AEgyprum.
1173 2893 1303 3001 Qem
1324 2894 1368 2966 ὃ(

141 3005 344 3080 nominans
366 3002 388 3079 ὲ
415 3002 498 3079 Diis
518 3004 602 3104 plus
622 3000 694 3077 esse
715 3019 831 3102 puto:
862 3001 928 3077 ubi
950 3002 1083 3098 Deos,
1111 3004 1168 3076 uti
1193 3001 1370 3103 praedixi·-

141 3139 249 3213 mus‚
279 3116 448 3193 colentes
458 3110 578 3210 bene,
607 3107 759 3189 historia
780 3116 955 3208 maximae
978 3111 1152 3188 offerunt.
1212 3114 1261 3188 Et
1283 3111 1371 3189 sunt

139 3227 242 3307 sacra
264 3228 396 3301 omnia
413 3227 453 3299 ὅ(
471 3228 615 3326 templa
634 3222 813 3302 omnibus
834 3223 1026 3302 hornatae:
1056 3225 1181 3301 ditimi
1203 3226 1308 3301 enim
1324 3227 1369 3301 ὁ(

141 3336 426 3423 Sacerdotes&
453 3335 646 3435 Ministri,
675 3339 715 3413 be
738 3334 961 3438 Aruspiees,
992 3338 1030 3413 ὅ(
1053 3335 1296 3417 adoratores,
1324 3340 1372 3413 δι

119 3451 275 3529 ‘Divini
287 3446 424 3553 obtimi
436 3446 676 3525 habundant:
708 3446 815 3527 Etsit
834 3450 965 3524 omnia
986 3447 1144 3523 ordine:
1175 3446 1367 3525 Arasita-

141 3584 216 3660 que
228 3562 396 3636 invenies
411 3557 554 3664 semper
575 3565 662 3664 igne
682 3557 941 3661 splendentes,
971 3561 1010 3636 ὅ(
1030 3558 1305 3637 sacrificiorum
1322 3562 1373 3636 δε.

139 3684 223 3749 ture
234 3673 366 3772 plenos
381 3701 390 3748 r
409 3676 535 3773 ,vittas
545 3667 655 3762 simul
667 3674 704 3743 &
714 3670 888 3747 turabula
898 3673 1008 3772 plena
1022 3671 1254 3747 aromatibus
1264 3670 1373 3745 divi·.

139 3792 234 3863 nu'm
248 3782 422 3863 ordinem
434 3784 614 3891 spiraven.
633 3801 636 3807 ’
673 3778 805 3896 Jam&
826 3785 1021 3880 civitatem
1045 3775 1363 3891 Iudicibusbenc

1230 3914 1364 3994 regen·
